<record xmlns="http://www.loc.gov/MARC21/slim">
   <leader>04921cam a2200565 i 4500</leader>
   <controlfield tag="001">6774764</controlfield>
   <controlfield tag="003">OCoLC</controlfield>
   <controlfield tag="005">20150106073455.0</controlfield>
   <controlfield tag="006">m     o  d        </controlfield>
   <controlfield tag="007">cr |||</controlfield>
   <controlfield tag="008">141006t20152015paua    ob    000 0 eng d</controlfield>
   <datafield ind1=" " ind2=" " tag="020">
      <subfield code="a">9780323315661</subfield>
      <subfield code="q">electronic bk.</subfield>
   </datafield>
   <datafield ind1=" " ind2=" " tag="020">
      <subfield code="a">0323315666</subfield>
      <subfield code="q">electronic bk.</subfield>
   </datafield>
   <datafield ind1=" " ind2=" " tag="020">
      <subfield code="z">9781455754182 (hardcover : alk. paper)</subfield>
   </datafield>
   <datafield ind1=" " ind2=" " tag="020">
      <subfield code="z">1455754188 (hardcover : alk. paper)</subfield>
   </datafield>
   <datafield ind1=" " ind2=" " tag="035">
      <subfield code="a">ocn892337731</subfield>
   </datafield>
   <datafield ind1=" " ind2=" " tag="037">
      <subfield code="a">D47809D7-DA6B-494A-97AB-73A6F51C71A6</subfield>
      <subfield code="b">OverDrive, Inc.</subfield>
      <subfield code="n">http://www.overdrive.com</subfield>
   </datafield>
   <datafield ind1=" " ind2=" " tag="039">
      <subfield code="a">exclude</subfield>
   </datafield>
   <datafield ind1=" " ind2=" " tag="040">
      <subfield code="a">OPELS</subfield>
      <subfield code="b">eng</subfield>
      <subfield code="e">rda</subfield>
      <subfield code="e">pn</subfield>
      <subfield code="c">OPELS</subfield>
      <subfield code="d">OPELS</subfield>
      <subfield code="d">TEFOD</subfield>
      <subfield code="d">MMU</subfield>
      <subfield code="d">AEU</subfield>
   </datafield>
   <datafield ind1=" " ind2="4" tag="050">
      <subfield code="a">RC681</subfield>
   </datafield>
   <datafield ind1="1" ind2="4" tag="060">
      <subfield code="a">WG 120</subfield>
   </datafield>
   <datafield ind1="0" ind2="4" tag="082">
      <subfield code="a">616.1/2</subfield>
      <subfield code="2">23</subfield>
   </datafield>
   <datafield ind1=" " ind2=" " tag="090">
      <subfield code="a">Internet Access</subfield>
      <subfield code="b">AEU</subfield>
   </datafield>
   <datafield ind1="0" ind2="0" tag="245">
      <subfield code="a">Diabetes in cardiovascular disease :</subfield>
      <subfield code="b">a companion to Braunwald's heart disease /</subfield>
      <subfield code="c">[edited by] Darren K. McGuire, Nikolaus Marx.</subfield>
   </datafield>
   <datafield ind1=" " ind2="1" tag="264">
      <subfield code="a">Philadelphia, PA :</subfield>
      <subfield code="b">Saunders/Elsevier,</subfield>
      <subfield code="c">[2015]</subfield>
   </datafield>
   <datafield ind1=" " ind2="4" tag="264">
      <subfield code="c">©2015</subfield>
   </datafield>
   <datafield ind1=" " ind2=" " tag="300">
      <subfield code="a">1 online resource :</subfield>
      <subfield code="b">color illustrations</subfield>
   </datafield>
   <datafield ind1=" " ind2=" " tag="336">
      <subfield code="a">text</subfield>
      <subfield code="b">txt</subfield>
      <subfield code="2">rdacontent</subfield>
   </datafield>
   <datafield ind1=" " ind2=" " tag="337">
      <subfield code="a">computer</subfield>
      <subfield code="b">c</subfield>
      <subfield code="2">rdamedia</subfield>
   </datafield>
   <datafield ind1=" " ind2=" " tag="338">
      <subfield code="a">online resource</subfield>
      <subfield code="b">cr</subfield>
      <subfield code="2">rdacarrier</subfield>
   </datafield>
   <datafield ind1=" " ind2=" " tag="500">
      <subfield code="a">Complemented by: Braunwald's heart disease / edited by Robert O. Bonow ... [et al.]. 9th ed. 2012.</subfield>
   </datafield>
   <datafield ind1=" " ind2=" " tag="504">
      <subfield code="a">Includes bibliographical references.</subfield>
   </datafield>
   <datafield ind1="0" ind2=" " tag="505">
      <subfield code="a">Definition and epidemiology of type 2 diabetes mellitus -- Insulin resistance : pathophysiology, molecular mechanisms, genetic insights -- Type 1 diabetes : pathophysiology, molecular mechanisms, genetic insights -- The metabolic syndrome : prevalence and controversies in clinical context -- Lifestyle interventions for the prevention of type 2 diabetes mellitus -- Pharmacologic and surgical interventions that prevent or worsen type 2 diabetes -- Epidemiology of coronary and peripheral atherosclerosis in diabetes -- Pathology of diabetic atherosclerosis : composition, characteristics, and distribution -- Vascular biology of atherosclerosis in patients with diabetes : hyperglycemia, insulin resistance, and hyperinsulinemia -- Vascular biology of atherosclerosis in patients with diabetes : dyslipidemia, hypercoagulability, endothelial dysfunction, and inflammation -- Type 1 diabetes and associated cardiovascular risk and disease -- Effect of lifestyle interventions on coronary heart disease risk in patients with diabetes -- Effect of glucose management on coronary heart disease risk in patients with diabetes -- Effect of blood pressure management on coronary heart disease risk in patients with type 2 diabetes -- Effect of lipid management on coronary heart disease risk in patients with diabetes -- Effect of antiplatelet therapy on coronary heart disease risk in patients with diabetes mellitus -- Role of percutaneous coronary intervention in patients with diabetes -- Role of coronary artery bypass surgery in diabetes and perioperative glucose management -- Epidemiology of acute coronary syndromes in patients with diabetes -- Hyperglycemia and acute coronary syndromes : association with outcomes and management -- Antiplatelet and antithrombotic therapy in diabetic patients with acute coronary syndrome -- Role of primary invasive strategy and revascularization in diabetic patients with acute coronary syndromes -- Epidemiology of heart failure in diabetes -- Diabetic cardiomyopathy : mediators and mechanisms -- Prevention of heart failure in patients with diabetes -- Treatment of heart failure in diabetes : systolic dysfunction, diastolic dysfunction, and post-acute coronary syndrome -- Peripheral artery disease in diabetes -- Cerebrovascular disease in patients with diabetes -- Cardiovascular autonomic neuropathy -- Disparities in diabetes risk, cardiovascular consequences, and care : women, ethnic minorities, and the elderly -- The quality chasm : diabetes mellitus.</subfield>
   </datafield>
   <datafield ind1=" " ind2=" " tag="506">
      <subfield code="a">Access restricted to authorized users and institutions.</subfield>
   </datafield>
   <datafield ind1=" " ind2=" " tag="588">
      <subfield code="a">Description based on online resource; title from digital title page (ClinicalKey, viewed on October 30, 2014).</subfield>
   </datafield>
   <datafield ind1=" " ind2=" " tag="596">
      <subfield code="a">44</subfield>
   </datafield>
   <datafield ind1=" " ind2="0" tag="650">
      <subfield code="a">Cardiovascular system</subfield>
      <subfield code="x">Diseases.</subfield>
   </datafield>
   <datafield ind1=" " ind2="0" tag="650">
      <subfield code="a">Diabetes</subfield>
      <subfield code="x">Complications.</subfield>
   </datafield>
   <datafield ind1="1" ind2="2" tag="650">
      <subfield code="a">Cardiovascular Diseases</subfield>
      <subfield code="x">complications.</subfield>
   </datafield>
   <datafield ind1="2" ind2="2" tag="650">
      <subfield code="a">Diabetes Complications.</subfield>
   </datafield>
   <datafield ind1="2" ind2="2" tag="650">
      <subfield code="a">Diabetes Mellitus</subfield>
      <subfield code="x">physiopathology.</subfield>
   </datafield>
   <datafield ind1="2" ind2="2" tag="650">
      <subfield code="a">Diabetes Mellitus</subfield>
      <subfield code="x">therapy.</subfield>
   </datafield>
   <datafield ind1="2" ind2="2" tag="650">
      <subfield code="a">Risk Factors.</subfield>
   </datafield>
   <datafield ind1="1" ind2=" " tag="700">
      <subfield code="a">McGuire, Darren K.,</subfield>
      <subfield code="e">editor.</subfield>
   </datafield>
   <datafield ind1="1" ind2=" " tag="700">
      <subfield code="a">Marx, Nikolaus</subfield>
      <subfield code="c">(Professor of medicine/cardiology),</subfield>
      <subfield code="e">editor.</subfield>
   </datafield>
   <datafield ind1="0" ind2=" " tag="730">
      <subfield code="i">Complemented by (work):</subfield>
      <subfield code="a">Braunwald's heart disease.</subfield>
   </datafield>
   <datafield ind1="0" ind2="8" tag="776">
      <subfield code="i">Print version:</subfield>
      <subfield code="t">Diabetes in cardiovascular disease</subfield>
      <subfield code="z">9781455754182</subfield>
      <subfield code="w">(DLC)  2014012925</subfield>
      <subfield code="w">(OCoLC)875629924</subfield>
   </datafield>
   <datafield ind1="4" ind2="0" tag="856">
      <subfield code="3">University of Alberta Access</subfield>
      <subfield code="u">https://www.clinicalkey.com/dura/browse/bookChapter/3-s2.0-C20110050603</subfield>
   </datafield>
   <datafield ind1=" " ind2=" " tag="949">
      <subfield code="h">UAIN</subfield>
      <subfield code="z">CKEY</subfield>
   </datafield>
   <datafield ind1=" " ind2=" " tag="926">
      <subfield code="a">Internet Access</subfield>
      <subfield code="w">LC</subfield>
      <subfield code="c">1</subfield>
      <subfield code="i">6774764-1001</subfield>
      <subfield code="l">INTERNET</subfield>
      <subfield code="m">UAINTERNET</subfield>
      <subfield code="r">Y</subfield>
      <subfield code="s">Y</subfield>
      <subfield code="t">E-RESOURCE</subfield>
      <subfield code="u">1/13/2015</subfield>
      <subfield code="x">E-BOOK</subfield>
      <subfield code="z">CKEY</subfield>
   </datafield>
</record>
